@article{bressan2010viscosity,
  title={Viscosity solutions of Hamilton-Jacobi equations and optimal control problems},
    author={Bressan, Alberto},
      journal={Lecture notes},
        year={2010}
}

@article{crandall1996convergent,
  title={Convergent difference schemes for nonlinear parabolic equations and mean curvature motion},
    author={Crandall, Michael G and Lions, Pierre-Louis},
      journal={Numerische Mathematik},
        volume={75},
          number={1},
            pages={17--41},
              year={1996},
                publisher={Springer}
}


@article{crandall1992user,
  title={Userâ€™s guide to viscosity solutions of second order partial differential equations},
    author={Crandall, Michael G and Ishii, Hitoshi and Lions, Pierre-Louis},
      journal={Bulletin of the American Mathematical Society},
        volume={27},
          number={1},
            pages={1--67},
              year={1992}
}


@article{feng2013recent,
  title={Recent developments in numerical methods for fully nonlinear second order partial differential equations},
    author={Feng, Xiaobing and Glowinski, Roland and Neilan, Michael},
      journal={SIAM Review},
        volume={55},
          number={2},
            pages={205--267},
              year={2013},
                publisher={SIAM}
}

@article{benamou2014numerical,
  title={Numerical solution of the optimal transportation problem using the Monge--Ampere equation},
    author={Benamou, Jean-David and Froese, Brittany D and Oberman, Adam M},
      journal={Journal of Computational Physics},
        volume={260},
          pages={107--126},
            year={2014},
              publisher={Elsevier}
}

@misc{dragoniintroduction,
  title={Introduction to Viscosity Solutions for Nonlinear PDEs},
    author={Dragoni, Federica}
}

@article{crandall1983viscosity,
  title={Viscosity solutions of Hamilton-Jacobi equations},
    author={Crandall, Michael G and Lions, Pierre-Louis},
      journal={Transactions of the American Mathematical Society},
        volume={277},
          number={1},
            pages={1--42},
              year={1983}
}

@book{bardi2008optimal,
  title={Optimal control and viscosity solutions of Hamilton-Jacobi-Bellman equations},
    author={Bardi, Martino and Capuzzo-Dolcetta, Italo},
      year={2008},
        publisher={Springer Science \& Business Media}
}

@book{villani2008optimal,
  title={Optimal transport: old and new},
    author={Villani, C{\'e}dric},
      volume={338},
        year={2008},
          publisher={Springer Science \& Business Media}
}

@article{stone2010opencl,
  title={OpenCL: A parallel programming standard for heterogeneous computing systems},
    author={Stone, John E and Gohara, David and Shi, Guochun},
      journal={Computing in science \& engineering},
        volume={12},
          number={1-3},
            pages={66--73},
              year={2010},
                publisher={Institute of Electrical and Electronics Engineers, Inc.,| y USA United States}
}


@article{khronos2009khronos,
  title={The Khronos Group},
    author={KHRONOS GROUP and others},
      journal={Beaverton, 2011b. Dispon{\'\i}vel em},
        year={2009}
}
